@misc{talk:rob_pike:concurrency_not_parallelism,
    author = {Rob Pike},
    title  = {Concurrency is not Parallelism},
    note   = {Disponível em <http://bit.ly/1DcWhAW>. Acesso em: Outubro~2015}
}

@book{book:tdd:kent_beck,
    author    = {Kent Beck},
    title     = {Test Driven Development: By Example},
    publisher = {Addison-Wesley Professional},
    year      = 2001
}

@misc{paper:google:map_reduce,
    title  = {MapReduce: The programming model and practice},
    author = {Jerry Zhao and Jelena Pjesivac-Grbovic},
    year   = 2009,
    note   = {Disponível em <http://bit.ly/1LRy3id>}
}

@misc{paper:david_kocher:producer_consumer,
    title  = {Concurrency Patterns},
    author = {David Kocher},
    year   = 2005,
    note   = {Disponível em <http://bit.ly/1WbldXl>}
}

@article{docs:apple:push_notification,
    title  = {Push Notification Service},
    author = {Apple},
    year   = 2015,
    institution = {Apple, Inc},
    organization = {Apple},
    url    = {http://apple.co/1iP08v6}
}

@misc{article:martin:fluent_interfaces,
    title  = {Fluent Interfaces},
    author = {Martin Fowler},
    year   = 2005,
    note   = {Disponível em <http://bit.ly/1PwJAtd>. Acesso em Outubro~2015}
}

@misc{article:wikipedia:short_circuit_evaluation,
    title  = {Short-Circuit Evaluation},
    author = {Wikipedia},
    year   = 2015,
    note   = {Disponível em <http://bit.ly/1PwJAtd>. Acesso em Outubro~2015}
}

@misc{article:martin_fowler:collection_pipeline,
    title  = {Collection Pipeline},
    author = {Martin Fowler},
    year   = 2015,
    note   = {Disponível em <http://bit.ly/UKJipi>. Acesso em Outubro~2015}
}

@misc{docs:apache:spark,
    title  = {Spark Framework},
    author = {Apache},
    year   = 2015,
    note   = {Disponível em <http://spark.apache.org>. Acesso em Outubro~2015}
}

@misc{tools:fsnotify,
    title  = {FSNotify},
    author = {Nathan Youngman},
    year   = 2015,
    note   = {Disponível em <https://github.com/go-fsnotify/fsnotify>. Acesso em Outubro~2015}
}

@misc{article:tim:streams,
    title  = {Daddy What's a Stream?},
    author = {Tim Caswell},
    year   = 2013,
    url    = {http://howtonode.org/streams-explained}
}

@misc{article:event_processing,
    title  = {Cloud-scale Event Processing using Rx},
    author = {Bart De Smet},
    year   = 2015,
    url    = {http://www.infoq.com/presentations/cloud-rx}
}

@misc{article:kenny_yu:unix_bootcamp,
    title  = {Unix Bootcamp},
    author = {Kenny Yu},
    year   = 2015,
    url    = {http://bit.ly/1VYYg9I}
}

@misc{blog:iot:council,
    title  = {Internet of Things},
    author = {IoT Council},
    year   = 2015,
    url    = {http://www.theinternetofthings.eu}
}

@book{book:tanenbaum:ipc,
    author    = {Andrew S. Tanenbaum},
    title     = {INTERPROCESS COMMUNICATION},
    publisher = {Pearson; 4 edition},
    year      = 2014
}

@inbook{book:tanenbaum:ipc,
    author    = {Andrew S. Tanenbaum},
    title     = {Modern Operating Systems},
    chapter   = {2.3 INTERPROCESS COMMUNICATION},
    publisher = {Pearson; 4 edition},
    year      = 2014
}

@misc{article:wikipedia:ipc,
    title  = {Interprocess Communication},
    author = {Wikipedia},
    year   = 2015,
    url    = {http://bit.ly/1LzyulN}
}

@misc{article:wikipedia:js,
    title  = {JavaScript},
    author = {Wikipedia},
    year   = 2015,
    url    = {http://bit.ly/1RgM3Gw}
}

@misc{docs:nodejs:streams,
    title  = {Streams},
    author = {NodeJS},
    year   = 2015,
    url    = {https://nodejs.org/api/stream.html}
}

@misc{docs:haskell:streams,
    title  = {Streams},
    author = {Hasnkell},
    year   = 2015,
    url    = {https://hackage.haskell.org/package/io-streams}
}

@misc{docs:reactivex:streams,
    title  = {Reactive Streams},
    author = {ReactiveX},
    year   = 2015,
    url    = {http://reactivex.io}
}

@misc{article:reactive_programming,
    title  = {Principles of Reactive Programming},
    author = {Martin Odersky},
    year   = 2013,
    url    = {https://www.coursera.org/course/reactive}
}

@misc{article:pattern:observer,
    title  = {Observer Design Pattern},
    author = {Microsoft},
    year   = 2015,
    url    = {https://msdn.microsoft.com/en-us/library/ee850490(v=vs.110).aspx}
}

@misc{article:pattern:observable,
    title  = {Observable Design Pattern},
    author = {ReactiveX},
    year   = 2015,
    url    = {http://reactivex.io/documentation/observable.html}
}

@misc{microsoft,
    title  = {Microsoft},
    author = {Microsoft Corporation},
    year   = 2015,
    url    = {http://http://www.microsoft.com}
}

@misc{netflix,
    title  = {Netflix},
    author = {Netflix},
    year   = 2015,
    url    = {http://www.netflix.com}
}

@misc{docs:javarx,
    title  = {JavaRX},
    author = {JavaRX},
    year   = 2015,
    url    = {https://github.com/ReactiveX/RxJava}
}

@misc{docs:javascriptrx,
    title  = {RxJs},
    author = {RxJs},
    year   = 2015,
    url    = {https://github.com/Reactive-Extensions/RxJS}
}

@misc{docs:go:buffered_channels,
    title  = {Introduction to Golang: Buffered Channels},
    author = {By Karl Seguin},
    year   = 2013,
    url    = {http://openmymind.net/Introduction-To-Go-Buffered-Channels}
}

@misc{blog:how_goroutines_work,
    title  = {How Goroutines Work},
    author = {Krishna},
    year   = 2014,
    url    = {http://blog.nindalf.com/how-goroutines-work}
}

@misc{docs:java8:streams,
    title  = {Streams},
    author = {Java8},
    year   = 2015,
    url    = {http://bit.ly/1ustKrM}
}

@misc{docs:google:datastore,
    title  = {Datastore},
    author = {Google},
    year   = 2015,
    url    = {https://cloud.google.com/datastore}
}

@misc{course:coursera:ml,
    title  = {Machine Learning},
    author = {Andrew Ng},
    year   = 2015,
    url    = {https://www.coursera.org/learn/machine-learning}
}

@misc{article:kris:clustering,
    title  = {Clustering},
    author = {Kris Buytaert},
    year   = 2004,
    url    = {http://tldp.org/HOWTO/openMosix-HOWTO/x135.html}
}

@misc{article:techtarget:analytics,
    title  = {Analytics},
    author = {Margaret Rouse},
    year   = 2008,
    url    = {http://searchdatamanagement.techtarget.com/definition/data-analytics}
}

@misc{article:sitepoint:method_chaining,
    title  = {Method Chaining},
    author = {Thiago Jackiw},
    year   = 2015,
    url    = {http://www.sitepoint.com/a-guide-to-method-chaining}
}

@misc{docs:apache:spark,
    title  = {Apache Spark},
    author = {Apache},
    year   = 2015,
    url    = {http://spark.apache.org/docs/latest}
}

@misc{docs:apache:streaming,
    title  = {Apache Spark Streaming},
    author = {Spark Streaming},
    year   = 2015,
    url    = {http://spark.apache.org/streaming}
}

@misc{docs:drborges:appx,
    title  = {Appx},
    author = {Diego Borges},
    year   = 2015,
    url    = {https://github.com/drborges/appx}
}

@misc{paper:badu:continuous_querying,
    title  = {Continuous Queries over Data Streams},
    author = {Shivnath Babu, Jennifer Widom},
    year   = 2001,
    url    = {http://ilpubs.stanford.edu:8090/527/1/2001-9.pdf}
}

@misc{article:webharvy:scrapping,
    title  = {What Is Web Scrapping?},
    author = {WebHarvy},
    year   = 2015,
    url    = {https://www.webharvy.com/articles/what-is-web-scraping.html}
}

@misc{portal_transparencia,
    title  = {TRANSFERÊNCIA DE RECURSOS POR ESTADO/MUNICÍPIO UF: RIO GRANDE DO SUL, EXERCÍCIO: 2015},
    author = {Portal da Transparência},
    year   = 2015,
    url    = {http://www.portaldatransparencia.gov.br/}
}

@misc{article:howstuffworks:web_crawler,
    title  = {How Internet Search Engines Work},
    author = {How Stuff Works},
    year   = 2015,
    url    = {http://computer.howstuffworks.com/internet/basics/search-engine1.htm}
}

@misc{docs:google:appengine,
    title  = {Appengine},
    author = {Google},
    year   = 2015,
    url    = {https://cloud.google.com/appengine/docs}
}

@misc{article:scott:orm,
    title  = {ORM},
    author = {Scott W. Ambler},
    year   = 2015,
    url    = {http://www.agiledata.org/essays/mappingObjects.html}
}

@misc{article:wikipedia:gc,
    title  = {Garbage Collector},
    author = {Wikipedia},
    year   = 2015,
    url    = {http://bit.ly/1LUTMMv}
}

@techreport{paper:sun:gc,
    title  = {Memory Management in the Java
HotSpot™ Virtual Machine},
    author = {Sun Microsystems},
    year   = 2006,
    url    = {http://www.oracle.com/technetwork/java/javase/memorymanagement-whitepaper-150215.pdf}
}

@misc{paper:microsoft:static_typing,
    title  = {Static Typing Where Possible, Dynamic Typing When Needed:
The End of the Cold War Between Programming Languages},
    author = {Erik Meijer, Peter Drayton},
    institution = "Microsoft Corporation",
    year   = 2015,
    url    = {https://www.ics.uci.edu/~lopes/teaching/inf212W12/readings/rdl04meijer.pdf}
}

@misc{docs:golang:goroutine,
    title  = {Goroutines},
    author = {Golang},
    year   = 2015,
    url    = {https://golang.org/doc/effective_go.html/goroutines}
}

@misc{article:wikipedia:coroutines,
    title  = {Coroutines},
    author = {Wikipedia},
    year   = 2015,
    url    = {http://bit.ly/1ZLrWXo}
}

@misc{docs:golang:pipeline_pattern,
    title  = {Pipeline Pattern},
    author = {Golang},
    year   = 2015,
    url    = {https://blog.golang.org/pipelines}
}

@misc{article:wikipedia:interfaces,
    title  = {Interfaces},
    author = {Wikipedia},
    year   = 2015,
    url    = {http://bit.ly/1RgUUbj}
}

@misc{article:wikipedia:threads,
    title  = {OS Threads},
    author = {Wikipedia},
    year   = 2015,
    url    = {http://bit.ly/1H1Xo7Z}
}

@misc{article:fowler:nosql,
    title  = {NoSQL},
    author = {Martin Fowler},
    year   = 2015,
    url    = {http://martinfowler.com/nosql.html}
}

@inbook{lecture:ucl:message_passing,
    title  = {Interprocess Communication},
    institution = {University of North Carolina Chapel Hill},
    author = {Raj Yavatkar},
    chapter   = {1.3 Message Passing},
    year   = 2015,
    url    = {http://www.cs.unc.edu/~dewan/242/s04/notes/ipc.PDF}
}

@misc{article:wikipedia:channels,
    title  = {Channels},
    author = {Wikipedia},
    year   = 2015,
    url    = {http://bit.ly/1LUE9P0}
}

@misc{paper:concurrency:schmidt,
    title  = {An OO Encapsulation of Lightweight OS
Concurrency Mechanisms in the ACE Toolkit},
    author = {Douglas C. Schmidt},
    institute = {Department of Computer Science
Washington University},
    year   = 2015,
    url    = {https://www.dre.vanderbilt.edu/~schmidt/PDF/ACE-concurrency.pdf}
}

@inbook{book:learn_oop,
    title   = {Learn Object Oriented Thinking and Programming},
    author  = {Rudolf Pecinovský},
    chapter = {13 The Inheritance of Interface Types},
    year    = 2015,
    url     = {http://www.cs.unc.edu/~dewan/242/s04/notes/ipc.PDF}
}